<?xml version="1.0" encoding="UTF-8"?><collection xmlns="http://www.loc.gov/MARC21/slim"><record><leader>00472nam--2200169-i-4500</leader><controlfield tag="001">000042061</controlfield><controlfield tag="002">20161230</controlfield><controlfield tag="005">20161230201043</controlfield><controlfield tag="008">060222s1000------------r-----000-0-eng-d</controlfield><datafield ind1=" " ind2=" " tag="040"><subfield code="a">IFIN-HH</subfield></datafield><datafield ind1=" " ind2=" " tag="080"><subfield code="a">521.1</subfield></datafield><datafield ind1="1" ind2=" " tag="100"><subfield code="a">Sobolev,V.V</subfield></datafield><datafield ind1="1" ind2="0" tag="245"><subfield code="a">A trestise on radiative transfer</subfield><subfield code="b">Transleted by s.i. gaposcjkin</subfield><subfield code="c">V.v. sobolev</subfield></datafield><datafield ind1=" " ind2=" " tag="260"><subfield code="a">Princeton</subfield><subfield code="b">D.Van Nostrand Compopany, Inc</subfield><subfield code="c">1963</subfield></datafield><datafield ind1=" " ind2=" " tag="300"><subfield code="a">XI + 319 P</subfield></datafield><datafield ind1=" " ind2=" " tag="852"><subfield code="a">76738</subfield><subfield code="c">523</subfield></datafield><datafield ind1=" " ind2=" " tag="CAT"><subfield code="a">Sys</subfield><subfield code="c">20141209</subfield><subfield code="h">142840</subfield></datafield></record></collection>